<?xml version="1.0"?>
<marc:collection xmlns:marc="http://www.loc.gov/MARC21/slim" xmlns:xsi="http://www.w3.org/2001/XMLSchema-instance" xsi:schemaLocation="http://www.loc.gov/MARC21/slim http://www.loc.gov/standards/marcxml/schema/MARC21slim.xsd">
   <marc:record type="Bibliographic">
      <marc:leader>01688cam a2200373 a 4500</marc:leader>
      <marc:controlfield tag="001">2767869</marc:controlfield>
      <marc:controlfield tag="003">NjP</marc:controlfield>
      <marc:controlfield tag="005">20111102123459.0</marc:controlfield>
      <marc:controlfield tag="008">940111q19701979iq            000 0 araod</marc:controlfield>
      <marc:datafield tag="024" ind1="7" ind2=" ">
         <marc:subfield code="a">princeton_aco000090</marc:subfield>
         <marc:subfield code="2">local</marc:subfield>
      </marc:datafield>
      <marc:datafield tag="035" ind1=" " ind2=" ">
         <marc:subfield code="a">(OCoLC)ocn178390056</marc:subfield>
      </marc:datafield>
      <marc:datafield tag="035" ind1=" " ind2=" ">
         <marc:subfield code="a">(OCoLC)ocm29610889</marc:subfield>
      </marc:datafield>
      <marc:datafield tag="040" ind1=" " ind2=" ">
         <marc:subfield code="a">OSU</marc:subfield>
         <marc:subfield code="c">PUL</marc:subfield>
         <marc:subfield code="d">PUL</marc:subfield>
      </marc:datafield>
      <marc:datafield tag="035" ind1=" " ind2=" ">
         <marc:subfield code="a">(OCoLC)178390056</marc:subfield>
      </marc:datafield>
      <marc:datafield tag="035" ind1=" " ind2=" ">
         <marc:subfield code="9">CNG4063TS</marc:subfield>
      </marc:datafield>
      <marc:datafield tag="035" ind1=" " ind2=" ">
         <marc:subfield code="a">(NjP)2767869</marc:subfield>
      </marc:datafield>
      <marc:datafield tag="079" ind1=" " ind2=" ">
         <marc:subfield code="a">ocm29610889</marc:subfield>
      </marc:datafield>
      <marc:datafield tag="049" ind1=" " ind2=" ">
         <marc:subfield code="a">PULL</marc:subfield>
      </marc:datafield>
      <marc:datafield tag="100" ind1="1" ind2=" ">
         <marc:subfield code="6">880-01</marc:subfield>
         <marc:subfield code="a">Ya&#x304;ziji&#x304;, Na&#x304;s&#x323;i&#x304;f,</marc:subfield>
         <marc:subfield code="d">1800-1871.</marc:subfield>
      </marc:datafield>
      <marc:datafield tag="240" ind1="1" ind2="0">
         <marc:subfield code="6">880-02</marc:subfield>
         <marc:subfield code="a">Juma&#x304;nah fi&#x304; sharh&#x323; al-Khiza&#x304;nah</marc:subfield>
      </marc:datafield>
      <marc:datafield tag="245" ind1="1" ind2="0">
         <marc:subfield code="6">880-03</marc:subfield>
         <marc:subfield code="a">Kita&#x304;b al-juma&#x304;nah fi&#x304; sharh&#x323; al-Khiza&#x304;nah /</marc:subfield>
         <marc:subfield code="c">ta&#x2BC;li&#x304;f Na&#x304;s&#x323;i&#x304;f al-Ya&#x304;ziji&#x304; al-Lubna&#x304;ni&#x304;. Mukhtas&#x323;ar / bi-qalam, Ibra&#x304;hi&#x304;m al-Ya&#x304;ziji&#x304; al-Lubna&#x304;ni&#x304;.</marc:subfield>
      </marc:datafield>
      <marc:datafield tag="260" ind1=" " ind2=" ">
         <marc:subfield code="6">880-04</marc:subfield>
         <marc:subfield code="a">Baghda&#x304;d :</marc:subfield>
         <marc:subfield code="b">Maktabat Da&#x304;r al-Baya&#x304;n,</marc:subfield>
         <marc:subfield code="c">[197-?]</marc:subfield>
      </marc:datafield>
      <marc:datafield tag="300" ind1=" " ind2=" ">
         <marc:subfield code="a">113 p. ;</marc:subfield>
         <marc:subfield code="c">25 cm.</marc:subfield>
      </marc:datafield>
      <marc:datafield tag="500" ind1=" " ind2=" ">
         <marc:subfield code="a">Reprint. Originally published: 1289 [1872]</marc:subfield>
      </marc:datafield>
      <marc:datafield tag="650" ind1=" " ind2="0">
         <marc:subfield code="a">Arabic language</marc:subfield>
         <marc:subfield code="x">Morphology.</marc:subfield>
      </marc:datafield>
      <marc:datafield tag="700" ind1="1" ind2=" ">
         <marc:subfield code="6">880-05</marc:subfield>
         <marc:subfield code="a">Ya&#x304;ziji&#x304;, Na&#x304;s&#x323;i&#x304;f,</marc:subfield>
         <marc:subfield code="d">1800-1871.</marc:subfield>
         <marc:subfield code="t">Khiza&#x304;nah.</marc:subfield>
      </marc:datafield>
      <marc:datafield tag="700" ind1="1" ind2=" ">
         <marc:subfield code="6">880-06</marc:subfield>
         <marc:subfield code="a">Ya&#x304;ziji&#x304;, Ibra&#x304;hi&#x304;m,</marc:subfield>
         <marc:subfield code="d">1847-1906.</marc:subfield>
         <marc:subfield code="t">Mukhtas&#x323;ar.</marc:subfield>
      </marc:datafield>
      <marc:datafield tag="880" ind1="1" ind2=" ">
         <marc:subfield code="6">100-01/r</marc:subfield>
         <marc:subfield code="a">&#x64A;&#x627;&#x632;&#x62C;&#x64A;&#x60C; &#x646;&#x627;&#x635;&#x64A;&#x641;&#x60C;</marc:subfield>
         <marc:subfield code="d">1800-1871.</marc:subfield>
      </marc:datafield>
      <marc:datafield tag="880" ind1="1" ind2="0">
         <marc:subfield code="6">240-02/r</marc:subfield>
         <marc:subfield code="a">&#x62C;&#x645;&#x627;&#x646;&#x629; &#x641;&#x64A; &#x634;&#x631;&#x62D; &#x627;&#x644;&#x62E;&#x632;&#x627;&#x646;&#x629;</marc:subfield>
      </marc:datafield>
      <marc:datafield tag="880" ind1="1" ind2="0">
         <marc:subfield code="6">245-03/r</marc:subfield>
         <marc:subfield code="a">&#x643;&#x62A;&#x627;&#x628; &#x627;&#x644;&#x62C;&#x645;&#x627;&#x646;&#x629; &#x641;&#x64A; &#x634;&#x631;&#x62D; &#x627;&#x644;&#x62E;&#x632;&#x627;&#x646;&#x629; /</marc:subfield>
         <marc:subfield code="c">&#x62A;&#x623;&#x644;&#x64A;&#x641; &#x646;&#x627;&#x635;&#x64A;&#x641; &#x627;&#x644;&#x64A;&#x627;&#x632;&#x62C;&#x64A; &#x627;&#x644;&#x644;&#x628;&#x646;&#x627;&#x646;&#x64A;. &#x645;&#x62E;&#x62A;&#x635;&#x631; / &#x628;&#x642;&#x644;&#x645;&#x60C; &#x627;&#x628;&#x631;&#x627;&#x647;&#x64A;&#x645; &#x627;&#x644;&#x64A;&#x627;&#x632;&#x62C;&#x64A; &#x627;&#x644;&#x644;&#x628;&#x646;&#x627;&#x646;&#x64A;.</marc:subfield>
      </marc:datafield>
      <marc:datafield tag="880" ind1=" " ind2=" ">
         <marc:subfield code="6">260-04/r</marc:subfield>
         <marc:subfield code="a">&#x628;&#x63A;&#x62F;&#x627;&#x62F; :</marc:subfield>
         <marc:subfield code="b">&#x645;&#x643;&#x62A;&#x628;&#x629; &#x62F;&#x627;&#x631; &#x627;&#x644;&#x628;&#x64A;&#x627;&#x646;&#x60C;</marc:subfield>
         <marc:subfield code="c">[197-?]</marc:subfield>
      </marc:datafield>
      <marc:datafield tag="880" ind1="1" ind2=" ">
         <marc:subfield code="6">700-05/r</marc:subfield>
         <marc:subfield code="a">&#x64A;&#x627;&#x632;&#x62C;&#x64A;&#x60C; &#x646;&#x627;&#x635;&#x64A;&#x641;&#x60C;</marc:subfield>
         <marc:subfield code="d">1800-1871.</marc:subfield>
         <marc:subfield code="t">&#x62E;&#x632;&#x627;&#x646;&#x629;.</marc:subfield>
      </marc:datafield>
      <marc:datafield tag="880" ind1="1" ind2=" ">
         <marc:subfield code="6">700-06/r</marc:subfield>
         <marc:subfield code="a">&#x64A;&#x627;&#x632;&#x62C;&#x64A;&#x60C; &#x627;&#x628;&#x631;&#x627;&#x647;&#x64A;&#x645;&#x60C;</marc:subfield>
         <marc:subfield code="d">1847-1906.</marc:subfield>
         <marc:subfield code="t">&#x645;&#x62E;&#x62A;&#x635;&#x631;.</marc:subfield>
      </marc:datafield>
      <marc:datafield tag="911" ind1=" " ind2=" ">
         <marc:subfield code="a">20000130</marc:subfield>
      </marc:datafield>
      <marc:datafield tag="994" ind1=" " ind2=" ">
         <marc:subfield code="a">C0</marc:subfield>
         <marc:subfield code="b">PUL</marc:subfield>
      </marc:datafield>
      <marc:datafield tag="999" ind1=" " ind2=" ">
         <marc:subfield code="a">2767869</marc:subfield>
      </marc:datafield>
   </marc:record>
</marc:collection>
